@phdthesis {mlyn,
	author = {Anna M\l{}ynarczyk},
	title = {Aspectual Pairing in Polish},
	year = 2004,
	school = {Universiteit Utrecht},
	url = "\url{http://igitur-archive.library.uu.nl/dissertations/2004-0309-140804/inhoud.htm}",
	}

@unpublished {aalstein07,
	author = {Anna Aalstein and Patrick Blackburn},
	title = {An Aspectual Classification of Polish Verbs},
	note = "\url{http://www.loria.fr/~blackbur/papers/class.pdf}",
	year = 2007,
	}

@misc{futrega,
	author = {Marek Futrega},
	title = {S\l{}ownik SJP.pl},
	note = "\url{http://www.sjp.pl/}",
	year = 2009,
	publisher = {Zesp\'{o}\l{} S\l{}ownika SJP.pl},
	}

@techreport{forsberg07,
	author = {Markus Forsberg},
	title = {The Extract Tool},
	booktitle = {Technical Report no. 2007-10 in Computing Science},
	year = 2007,
	institution = {G\"{o}teborg University and Chalmers University of Technology},
	note = "\url{http://www.cs.chalmers.se/~markus/Extract_Tech_Report.pdf}",
	}

@misc{jagod,
	author = {Grzegorz Jagodzi\'{n}ski},
	title = {A Grammar of the Polish Language},
	note = "\url{http://grzegorj.w.interia.pl/gram/en/gram00.html}",
	year = 2008,
	}

@inproceedings{corbi05oss,
        title = {An open-source shallow-transfer machine translation engine for the romance languages of Spain},
        address = {Budapest, Hungary},
        booktitle = {Proceedings of the 10th Conference of the EAMT},
        pages = {79--86},
        year = 2005,
      month = May,
    biburl = {http://www.bibsonomy.org/bibtex/22ff6cc6c5d53af727b05ac9e5890608a/unhammer},
        keywords = {MT apertium},
        author = {Antonio M. Corb{\'{i}}-Bellot and Mikel L. Forcada and Sergio Ortiz-Rojas and Juan Antonio P{\'e}rez-Ortiz and Gema Ram\'irez-S\'anchez and Felipe S{\'a}nchez-Mart{\'i}nez and I{\~{n}}aki Alegria and Aingeru Mayor and Kepa Sarasola},
    }

@book{bielec,
	title = {Polish: An Essential Grammar},
	author = {Diana Bielec},
	publisher = {Routledge},
	year = 1998,
	}

@inproceedings{karlsson1990cgf,
        title = {{Constraint Grammar as a Framework for Parsing Running Text}},
        address = {Helsinki, Finland},
        author = {F. Karlsson},
        booktitle = {Proceedings of the 13th Conference on Computational Linguistics},
        editor = {Hans Karlgren},
        pages = {168--173},
        volume = 3,
        year = 1990,
        url = {http://www.aclweb.org/anthology/C/C90/C90-3030.pdf},
    }

@inproceedings{kupsc03,
  author    = {Anna Kup\'{s}\'{c}},
  title     = {Aspect Assignment in a Knowledge-based English-Polish Machine
               Translation System},
  booktitle = {Proceedings of the New Trends in Intelligent Information Processing and Web Mining Conference},
  address   = {Zakopane, Poland},
  year      = {2003},
  pages     = {159--167},
  url       = "\url{http://www.ipipan.waw.pl/~aniak/papers/mt-heuristics.ps.gz}",
  bibsource = {DBLP, http://dblp.uni-trier.de}
}

@inproceedings{kupsc03a,
  author    = {Anna Kup\'{s}\'{c}},
  title     = {Two Approaches to Aspect Assignment in an English-Polish Machine
               Translation System},
  booktitle = {Proceedings of the 7th International EAMT workshop on MT and other Language Technology Tools, Improving MT through other Language Technology Tools: Resources and Tools for Building MT},
  address   = {Budapest, Hungary},
  year      = {2003},
  pages     = {17--24},
  url       = "\url{http://www.mt-archive.info/EAMT-2003-Kupsc.pdf}",
}

@inproceedings{ginesti09,
        title = {Development of a free Basque to Spanish machine translation system},
        author = {M. Ginest{\'i}-Rossell and G. Ram{\'i}rez-S{\'a}nchez and S. Ortiz-Rojas and F. M. Tyers and M. L. Forcada},
        booktitle = {Procesamiento de Lenguaje Natural No. 43.},
        pages = {187--195},
        year = 2009,
        }

@inproceedings{HajicKKOP01,
  author = {Jan Haji\v{c} and Pavel Krbec and Pavel Kv\v{e}to\v{n} and Karel Oliva and Vladim\'{i}r Petkevi\v{c}},
  booktitle = {ACL},
  interHash = {1085d8e9faf5b7eb28075ebe99a5c163},
  intraHash = {104299d7b4878ebc4109d1661d9b517f},
  pages = {260-267},
  title = {Serial Combination of Rules and Statistics: A Case Study in Czech Tagging.},
  url = {http://dblp.uni-trier.de/db/conf/acl/acl2001.html#HajicKKOP01},
  year = {2001},
  ee = {http://www.aclweb.org/anthology/P01-1035},
  date = {2003-02-20}
}

@techreport{sheikh2009trigram,
        title = {{A Trigram Part-of-Speech Tagger for the Apertium Machine Translation Platform}},
        author = {Zaid Md. Abdul Wahab Sheikh},
        year = 2009,
        url = {http://apertium.svn.sourceforge.net/viewvc/apertium/branches/gsoc2009/disismt/reports/},
        month = May,
    }


@inproceedings{Debowski04,
        title = {Trigram morphosyntactic tagger for Polish.},
        author = {\L{}ukasz D\k{e}bowski},
        booktitle = {Intelligent Information Systems},
        editor = {Mieczyslaw A. Klopotek and Slawomir T. Wierzchon and Krzysztof Trojanowski},
        pages = {409-413},
        publisher = {Springer},
        series = {Advances in Soft Computing},
        year = 2004,
        url = {http://dblp.uni-trier.de/db/conf/iis/iis2004.html#Debowski04},
        description = {dblp},
	biburl = {http://www.bibsonomy.org/bibtex/20d1bfc6918cd6f0f955993f2c32dd05f/dblp},
	keywords = {dblp},
    isbn = {3-540-21331-7}, date = {2004-07-09}}

@article{tyers2009acd,
  author = {Francis M. Tyers and Kevin Donnelly},
  interHash = {831fde70adaf1d551beb2e3d6077a6cf},
  intraHash = {70e0c063e014192638d7444ecd9d12a4},
  journal = {The Prague Bulletin of Mathematical Linguistics},
  number = {91},
  pages = {57--66},
  title = {{apertium-cy - a collaboratively-developed free RBMT system for Welsh to English}},
  url = {http://wiki.apertium.org/wiki/Publications},
  year = {2009},
  abstract = {apertium-cy (http://www.cymraeg.org.uk) is a rule-based “gisting” machine translation sys- 
tem for Welsh to English, with both engine and data released under the GPL. We summarise the devel- 
opment of apertium-cy, evaluate its output, and discuss the advantages of a collaborative development 
model combined with rule-based MT for marginalised languages. 
}
}
